<record><leader>00000cas a22000007a 4500</leader><controlfield tag="001">33056159</controlfield><controlfield tag="008">950828d195u1958nyuwr ne      0    0eng d</controlfield><datafield ind1=" " ind2=" " tag="010"><subfield code="a">sn 96083531 </subfield></datafield><datafield ind1=" " ind2=" " tag="040"><subfield code="a">NYS</subfield><subfield code="b">eng</subfield><subfield code="c">NYS</subfield><subfield code="d">OCLCQ</subfield><subfield code="d">OCLCF</subfield><subfield code="d">OCLCO</subfield></datafield><datafield ind1="1" ind2=" " tag="029"><subfield code="a">AU@</subfield><subfield code="b">000025919100</subfield></datafield><datafield ind1=" " ind2=" " tag="042"><subfield code="a">msc</subfield></datafield><datafield ind1=" " ind2=" " tag="043"><subfield code="a">n-us-ny</subfield></datafield><datafield ind1="0" ind2=" " tag="130"><subfield code="a">Town crier (East Islip, N.Y.)</subfield></datafield><datafield ind1="1" ind2="4" tag="245"><subfield code="a">The town crier.</subfield></datafield><datafield ind1=" " ind2=" " tag="260"><subfield code="a">East Islip, N.Y. :</subfield><subfield code="b">T.P. Associates</subfield></datafield><datafield ind1=" " ind2=" " tag="300"><subfield code="a">v.</subfield></datafield><datafield ind1=" " ind2=" " tag="310"><subfield code="a">Weekly</subfield></datafield><datafield ind1="0" ind2=" " tag="362"><subfield code="a">-v. 4, no. 23 (Feb. 20, 1958).</subfield></datafield><datafield ind1=" " ind2=" " tag="588"><subfield code="a">Description based on: Vol. 3, no. 4 (Dec. 6, 1956).</subfield></datafield><datafield ind1=" " ind2="0" tag="651"><subfield code="a">East Islip (N.Y.)</subfield><subfield code="v">Newspapers.</subfield></datafield><datafield ind1=" " ind2="0" tag="651"><subfield code="a">Islip (N.Y. : Town)</subfield><subfield code="v">Newspapers.</subfield></datafield><datafield ind1=" " ind2="0" tag="651"><subfield code="a">Suffolk County (N.Y.)</subfield><subfield code="v">Newspapers.</subfield></datafield><datafield ind1=" " ind2="7" tag="655"><subfield code="a">Newspapers.</subfield><subfield code="2">fast</subfield><subfield code="0">(OCoLC)fst01423814</subfield></datafield><datafield ind1=" " ind2="7" tag="651"><subfield code="a">New York (State)</subfield><subfield code="z">East Islip.</subfield><subfield code="2">fast</subfield><subfield code="0">(OCoLC)fst01874492</subfield></datafield><datafield ind1=" " ind2="7" tag="651"><subfield code="a">New York (State)</subfield><subfield code="z">Islip (Town)</subfield><subfield code="2">fast</subfield><subfield code="0">(OCoLC)fst01331455</subfield></datafield><datafield ind1=" " ind2="7" tag="651"><subfield code="a">New York (State)</subfield><subfield code="z">Suffolk County.</subfield><subfield code="2">fast</subfield><subfield code="0">(OCoLC)fst01207260</subfield></datafield><datafield ind1=" " ind2=" " tag="752"><subfield code="a">United States</subfield><subfield code="b">New York</subfield><subfield code="c">Suffolk</subfield><subfield code="d">East Islip.</subfield></datafield><datafield ind1="0" ind2="5" tag="780"><subfield code="t">Islip town bulletin and West Islip bulletin</subfield><subfield code="w">(DLC)sn 96083530</subfield><subfield code="w">(OCoLC)32965744</subfield></datafield><datafield ind1="0" ind2="5" tag="780"><subfield code="t">Bay Shore news-journal</subfield><subfield code="g">Mar. 7, 1957</subfield></datafield><datafield ind1="0" ind2="0" tag="785"><subfield code="t">Islip town crier</subfield><subfield code="w">(DLC)sn 96083535</subfield><subfield code="w">(OCoLC)33056173</subfield></datafield></record>